@artwork{dranville_english_2019,
	title = {English:  Screenshot of the "Wikipedia" article on the Wikipedia app in edit mode (wikicode).},
	url = {https://commons.wikimedia.org/wiki/File:Screenshot_Wikipedia_Mobile_Smartphone.png},
	shorttitle = {English},
	author = {{DRanville}},
	date = {2019-12-17},
}

@artwork{softwarelibrivox_mozilla_foundation_and_contributorsscreenshotvulphere_english_2020,
	title = {English:  Firefox Developer Edition 75.0b9 showing {LibriVox}},
	url = {https://commons.wikimedia.org/wiki/File:Firefox_Developer_Edition_75.0b9_LibriVox.png},
	shorttitle = {English},
	author = {{Software:LibriVox, Mozilla Foundation, and contributorsScreenshot:Vulphere}},
	date = {2020-03-28},
}
